@Article{gmd-2017-186,
AUTHOR = {Lawrence, B. N. and Rezny, M. and Budich, R. and Bauer, P. and Behrens, J. and Carter, M. and Deconinck, W. and Ford, R. and Maynard, C. and Mullerworth, S. and Osuna, C. and Porter, A. and Serradell, K. and Valcke, S. and Wedi, N. and Wilson, S.},
TITLE = {Crossing the Chasm: How to develop weather and climate models for next generation computers?},
JOURNAL = {Geoscientific Model Development Discussions},
VOLUME = {2017},
YEAR = {2017},
PAGES = {1--36},
URL = {https://www.geosci-model-dev-discuss.net/gmd-2017-186/},
DOI = {10.5194/gmd-2017-186}
}



@article {QJ:QJ2235,
author = {Wood, Nigel and Staniforth, Andrew and White, Andy and Allen, Thomas and Diamantakis, Michail and Gross, Markus and Melvin, Thomas and Smith, Chris and Vosper, Simon and Zerroukat, Mohamed and Thuburn, John},
title = {An inherently mass-conserving semi-implicit semi-Lagrangian discretization of the deep-atmosphere global non-hydrostatic equations},
journal = {Quarterly Journal of the Royal Meteorological Society},
volume = {140},
number = {682},
publisher = {John Wiley & Sons, Ltd},
issn = {1477-870X},
url = {http://dx.doi.org/10.1002/qj.2235},
doi = {10.1002/qj.2235},
pages = {1505--1520},
keywords = {C-grid, Charney-Phillips, SLICE, spatial discretization, spheroidal coordinates, temporal discretization},
year = {2014},
}


@article{MELVIN2018342,
title = "Dispersion analysis of the Pn−Pn−1DG mixed finite element pair for atmospheric modelling",
journal = "Journal of Computational Physics",
volume = "355",
pages = "342 - 365",
year = "2018",
issn = "0021-9991",
doi = "https://doi.org/10.1016/j.jcp.2017.11.019",
url = "http://www.sciencedirect.com/science/article/pii/S0021999117308574",
author = "Thomas Melvin",
keywords = "Spectral elements, Energy propagation, Group velocity, Staggered elements, Dynamical core"
}
