@article{gmd-10-1487-2017,
  author = {Walters, D. and Boutle, I. and Brooks, M. and Melvin, T. and Stratton, R. and
            Vosper, S. and Wells, H. and Williams, K. and Wood, N. and Allen, T. and
            Bushell, A. and Copsey, D. and Earnshaw, P. and Edwards, J. and Gross, M. and
            Hardiman, S. and Harris, C. and Heming, J. and Klingaman, N. and Levine, R. and
            Manners, J. and Martin, G. and Milton, S. and Mittermaier, M. and Morcrette, C. and
            Riddick, T. and Roberts, M. and Sanchez, C. and Selwood, P. and Stirling, A. and
            Smith, C. and Suri, D. and Tennant, W. and Vidale, P. L. and Wilkinson, J. and
            Willett, M. and Woolnough, S. and Xavier, P.},
  title = {{The Met Office Unified Model Global Atmosphere 6.0/6.1 and JULES Global Land 6.0/6.1 configurations}},
  journal = {Geoscientific Model Development},
  volume = {10},
  year = {2017},
  number = {4},
  pages = {1487--1520},
  url = {https://www.geosci-model-dev.net/10/1487/2017/},
  doi = {10.5194/gmd-10-1487-2017}
}

@inproceedings{Adams2018,
  author = {S. V. Adams and O. Abramkina and Y. Meurdesoif and M. Rezny},
  title = {Parallel {IO} in the {LFRic} Infrastructure},
  booktitle = {Parallel Computing is Everywhere},
  editor = {S. Bassini and M. Danelutto and P. Dazzi and G. R. Joubert and F. Peters},
  pages = {485--494},
  publisher = {IOS Press},
  year = {2018}
}

@article{gmd-2017-186,
  author = {B. N. Lawrence and M. Rezny and R. Budich and P. Bauer and J. Behrens and
            M. Carter and W. Deconinck and R. Ford and C. Maynard and S. Mullerworth and
            C. Osuna and A. Porter and K. Serradell and S. Valcke and N. Wedi and S. Wilson},
  title = {Crossing the {Chasm: How} to Develop Weather and Climate Models for Next Generation Computers?},
  journal = {Geosci. Model Dev.},
  volume = {11},
  year = {2018},
  pages = {1799--1821},
  url = {https://www.geosci-model-dev.net/11/1799/2018/},
  doi = {10.5194/gmd-11-1799-2018}
}

@article {QJ:QJ2235,
  author = {N. Wood and A. Staniforth and A. White and T. Allen and M. Diamantakis and
            M. Gross and T. Melvin and C. Smith and S. Vosper and M. Zerroukat and J. Thuburn},
  title = {An Inherently Mass-Conserving Semi-Implicit Semi-{Lagrangian} Discretization of the Deep-Atmosphere Global Non-Hydrostatic Equations},
  journal = {Q. J. Roy. Meteorol. Soc.},
  volume = {140},
  number = {682},
  publisher = {John Wiley & Sons, Ltd},
  issn = {1477-870X},
  url = {http://dx.doi.org/10.1002/qj.2235},
  doi = {10.1002/qj.2235},
  pages = {1505--1520},
  keywords = {C-grid, Charney-Phillips, SLICE, spatial discretization, spheroidal coordinates, temporal discretization},
  year = {2014},
}


@article{MELVIN2018342,
  author = {T. Melvin},
  title = {Dispersion Analysis of the $P_{n} - P_{n-1}^{DG}$ Mixed Finite Element Pair for Atmospheric Modelling},
  journal = {J. Comput. Phys.},
  volume = {355},
  pages = {342--365},
  year = {2018},
  issn = {0021-9991},
  doi = {10.1016/j.jcp.2017.11.019},
  url = {http://www.sciencedirect.com/science/article/pii/S0021999117308574},
  keywords = {Spectral elements, Energy propagation, Group velocity, Staggered elements, Dynamical core}
}

@misc{ESMFDocs,
  title = {{ESMF} Project Website},
  howpublished = {\url{http://www.earthsystemmodeling.org}},
  note = {Accessed 23 July 2018}
}

@misc{YAXTDocs,
  title = {{YAXT} Project Website},
  howpublished = {\url{https://www.dkrz.de/redmine/projects/yaxt}},
  note = {Accessed 20 July 2018}
}

@misc{UgridSpec,
  title = {{UGRID Convention V1.0}},
  howpublished = {\url{http://ugrid-conventions.github.io/ugrid-conventions}},
  note = {Accessed 16 July 2018}
}

@misc{XIOSWiki,
  title = {{XIOS} Wiki},
  howpublished = {\url{http://forge.ipsl.jussieu.fr/ioserver}},
  note = {Accessed 16 July 2018}
}

@misc{Balay2018,
  author = {Satish Balay and Shrirang Abhyankar and Mark~F. Adams and Jed Brown Peter Brune
            and Kris Buschelman and Lisandro Dalcin and Victor Eijkhout and William~D. Gropp
            and Dinesh Kaushik and Matthew~G. Knepley and Dave~A. May and Lois Curfman McInnes
            and Richard Tran Mills and Todd Munson and Karl Rupp and Patrick Sanan
            and Barry~F.~Smith and Stefano Zampini and Hong Zhang and Hong Zhang},
  title = {{PETS}c {W}eb page},
  url = {http://www.mcs.anl.gov/petsc},
  howpublished = {\url{http://www.mcs.anl.gov/petsc}},
  note = {Accessed 25 July 2018}
}

@inproceedings{Balay1997,
  author = {Satish Balay and William~D. Gropp and Lois Curfman McInnes and Barry~F. Smith},
  title = {Efficient Management of Parallelism in Object Oriented Numerical Software Libraries},
  booktitle = {Modern Software Tools in Scientific Computing},
  editor = {E. Arge and A. M. Bruaset and H. P. Langtangen},
  pages = {163--202},
  publisher = {Birkh{\"{a}}user Press},
  year = {1997}
}


@inproceedings{Blatt2007,
  author = {Blatt, Markus and Bastian, Peter},
  title = {The Iterative Solver Template Library},
  booktitle = {Applied Parallel Computing. State of the Art in Scientific Computing},
  editor = {B. K{\aa}gstr{\"{o}}m and E. Elmroth and J. Dongarra and J. Wa{\'s}niewski},
  doi = {10.1007/978-3-540-75755-9{\_}82},
  pages = {666--675},
  publisher = {Springer},
  year = {2007}
}

@article{Dedner2016,
  author = {Dedner, Andreas and M{\"u}ller, Eike and Scheichl, Robert},
  title = {Efficient Multigrid Preconditioners for Atmospheric Flow Simulations at High Aspect Ratio},
  journal = {Int. J. Numer. Meth. F.},
  volume = {80},
  number = {1},
  pages = {76--102},
  year = {2016}
}

@article{Mueller2014,
  author = {M{\"u}ller, Eike H and Scheichl, Robert},
  title = {Massively Parallel Solvers for Elliptic Partial Differential Equations in Numerical Weather and Climate Prediction},
  journal = {Q. J. Roy. Meteorol. Soc.},
  volume = {140},
  number = {685},
  pages = {2608--2624},
  year = {2014},
  publisher = {Wiley-Blackwell}
}

@article{Mitchell2016,
  author = {Mitchell, Lawrence and M{\"u}ller, Eike Hermann},
  title = {High Level Implementation of Geometric Multigrid Solvers for Finite Element Problems: {Applications} in Atmospheric Modelling},
  journal = {J. Comput. Phys.},
  volume = {327},
  pages = {1--18},
  year = {2016},
  publisher = {Academic Press}
}

@article{Borm2001,
  author = {B{\"o}rm, Steffen and Hiptmair, Ralf},
  title = {Analysis of Tensor Product Multigrid},
  journal = {Numer. Algorithms},
  volume = {26},
  number = {3},
  pages = {219--234},
  year = {2001},
  publisher = {Springer}
}

@article{cotter2012,
  author = {C.~J.~Cotter and J.~Shipton},
  title = {Mixed Finite Elements for Numerical Weather Prediction},
  journal = {J. Comput. Phys.},
  volume = {231},
  pages = {7076-7091},
  year = {2012}
}

@article{natale2016,
  author = {Natale, Andrea and Shipton, Jemma and Cotter, Colin J},
  title = {Compatible Finite Element Spaces for Geophysical Fluid Dynamics},
  journal = {Dynam. Stat. Climate Sys.},
  volume = {1},
  number = {1},
  year = {2016},
  doi = {10.1093/climsys/dzw005}
}

@book{boffi2013,
  author = {Boffi, Daniele and Brezzi, Franco and Fortin, Michel},
  title = {Mixed Finite Element Methods and Applications},
  volume = {44},
  year = {2013},
  publisher = {Springer}
}

@article{melvin2018,
  author = {Melvin, Thomas and Benacchio, Tommaso and Shipway, Ben and Wood, Nigel and Thuburn, John and Cotter, Colin},
  title = {A Mixed Finite-Element, Semi-Implicit Finite-Volume Discretisation for Atmospheric Dynamics: {C}artesian geometry},
  journal = {Q. J. Roy. Meteorol. Soc.},
  year = {In preparation},
  note = {In preparation}}
 
@article{gmd-9-3803-2016,
  author = {Bercea, G.-T. and McRae, A. T. T. and Ham, D. A. and Mitchell, L. and Rathgeber, F. and Nardi, L. and Luporini, F. and Kelly, P. H. J.},
  title = {A Structure-Exploiting Numbering Algorithm for Finite Elements on Extruded Meshes, and its Performance Evaluation in {Firedrake}},
  journal = {Geosci. Model Dev.},
  volume = {9},
  year = {2016},
  number = {10},
  pages = {3803--3815},
  url = {https://www.geosci-model-dev.net/9/3803/2016/},
  doi = {10.5194/gmd-9-3803-2016}
}

@article{Leonard1996,
  author = {Leonard, B. P. and Lock, A. P. and MacVean, M. K.},
  title = {Conservative Explicit Unrestricted-Time-Step Multidimensional Constancy-Preserving Advection Schemes},
  journal = {Mon. Weather Rev.},
  volume = {124},
  number = {11},
  pages = {2588--2606},
  year = {1996},
  doi = {10.1175/1520-0493(1996)124<2588:CEUTSM>2.0.CO;2}
}

@article{staniforth2012,
  author = {A. Staniforth and J. Thuburn},
  title = {Horizontal Grids for Global Weather Prediction and Climate Models: {A} Review},
  journal = {Q. J. Roy. Meteorol. Soc.},
  volume = {138},
  doi = {10.1002/qj.958},
  pages = {1--26},
  year = {2012}
}

@techreport{GHP1_CSR,
  author = {R. Ford and M. Glover and D. Ham and C.M. Maynard and S. Pickles and G. Riley},
  title = {{GungHo Phase 1: Computational} Science Recommendations},
  year = {2013},
  institution = {Met Office},
  type = {Technical Report},
  url = {https://www.metoffice.gov.uk/binaries/content/assets/mohippo/pdf/8/o/frtr587tagged.pdf},
}

@article{dennard, 
  author = {R. H. Dennard and F. H. Gaensslen and V. L. Rideout and E. Bassous and A. R. LeBlanc},
  title = {Design of Ion-Implanted {MOSFET's} With Very Small Physical Dimensions},
  journal = {IEEE J. Solid-State Circuits},
  year = {1974},
  volume = {9},
  number = {5},
  pages = {256--268},
  keywords = {Digital integrated circuits;Field effect transistors;Ion implantation;
              Semiconductor device manufacture;Switching circuits;digital integrated circuits;
              field effect transistors;ion implantation;semiconductor device manufacture;
              switching circuits;Digital integrated circuits;Doping profiles;Fabrication;
              Ion implantation;Length measurement;MOSFET circuits;Predictive models;
              Semiconductor process modeling;Switching circuits;Threshold voltage},
  doi = {10.1109/JSSC.1974.1050511},
  issn = {0018-9200},
  month = {Oct}
}

@inproceedings{PYOP2,
  author = {Rathgeber, F. and Markall, G.~R. and Mitchell, L. and
            Loriant, N. and Ham, D. A. and Bertolli, C. and Kelly, P. H. J.},
  title = {{PyOP2: A} High-Level Framework for Performance-Portable Simulations on Unstructured Meshes},
  booktitle = {2012 SC Companion: High Performance Computing, Networking Storage and Analysis},
  series = {SCC '12},
  year = {2012},
  isbn = {978-0-7695-4956-9},
  pages = {1116--1123},
  numpages = {8},
  url = {http://dx.doi.org/10.1109/SC.Companion.2012.134},
  doi = {10.1109/SC.Companion.2012.134},
  acmid = {2476885},
  publisher = {IEEE Computer Society},
  address = {Washington, DC, USA},
  keywords = {domain-specific languages, high-level frameworks, finite-element methods,
              generative metaprogramming, code generation, performance portability, just-in-time compilation},
}

@inproceedings{OP2,
  author = {Bertolli, Carlo and Betts, Adam and Mudalige, Gihan and Giles, Mike and Kelly, Paul},
  title = {Design and Performance of the {OP2} Library for Unstructured Mesh Applications},
  booktitle = {Euro-Par 2011: Parallel Processing Workshops},
  editor = {M. Alexander and others},
  pages = {191--200},
  publisher = {Springer Berlin Heidelberg},
  year = {2012}
}

@article{psyclone,
  author={R. W. Ford and A. R. Porter},
  title={{PSyclone:} a Domain-Specific Compiler for Finite-Element/Volume/Difference Earth-System Models},
  journal = {In preparation},
  notes={In preparation}
}

@inproceedings{shallow_psykal,
  author = {A. R. Porter and R. W. Ford and M. Ashworth and G. D. Riley and M. Modani},
  title  = {Towards Compiler-Agnostic Performance in Finite-Difference Codes},
  booktitle = {Parallel Computing: On the Road to Exascale},
  editor = {Gerhard R. Joubert and Hugh Leather and Mark Parsons and Frans Peters and Mark Sawyer},
  volume = {27},
  pages = {647--658},
  publisher = {IOS Press},
  address = {Amsterdam, New York, Tokyo},
  year = {2016}
}

@article{nemolite2d_psykal,
  author = {Porter, A. and Appleyard, J. and Ashworth, M. and Ford, R. and Holt, J. and Liu, H. and Riley, G.},
  title = {Portable Multi- and Many-Core Performance for Finite Difference Codes; {A}pplication to the Free-Surface Component of {NEMO}},
  journal = {Geosci. Model Dev. Discussions},
  volume = {2017},
  year = {2017},
  pages = {1--27},
  url = {https://www.geosci-model-dev-discuss.net/gmd-2017-150/},
  doi = {10.5194/gmd-2017-150}
}

@incollection{arakawa1977computational,
  author = {Arakawa, Akio and Lamb, Vivian R},
  title = {Computational Design of the Basic Dynamical Processes of the {UCLA} General Circulation Model},
  editor = {Julius Chang},
  series = {Methods in Computational Physics: Advances in Research and Applications},
  publisher = {Elsevier},
  volume = {17},
  pages = {173--265},
  year = {1977},
  booktitle = {General Circulation Models of the Atmosphere},
  issn = {0076-6860},
  doi = {https://doi.org/10.1016/B978-0-12-460817-7.50009-4},
  url = {http://www.sciencedirect.com/science/article/pii/B9780124608177500094}
}

@article{charney1953numerical,
  author = {Charney, Jule G and Phillips, NA},
  title = {Numerical Integration of the Quasi-Geostrophic Equations for Barotropic and Simple Baroclinic Flows},
  journal = {J. Meteor.},
  volume = {10},
  number = {2},
  pages = {71--99},
  year = {1953}
}

@article{qj.2241,
  author = {Ullrich, P. A. and Melvin, T. and Jablonowski, C. and Staniforth, A.},
  title = {A Proposed Baroclinic Wave Test Case for Deep- and Shallow-Atmosphere Dynamical Cores},
  journal = {Q. J. Roy. Meteorol. Soc.},
  volume = {140},
  number = {682},
  pages = {1590-1602},
  keywords = {baroclinic instability, model intercomparison, small Earth},
  doi = {10.1002/qj.2241},
  year = {2013}
}

@article{DBLP:journals/corr/abs-1802-00303,
  author    = {Thomas H. Gibson and Lawrence Mitchell and David A. Ham and Colin J. Cotter},
  title     = {A Domain-Specific Language for the Hybridization and Static Condensation
               of Finite Element Methods},
  journal   = {CoRR},
  volume    = {abs/1802.00303},
  year      = {2018},
  url       = {http://arxiv.org/abs/1802.00303},
  archivePrefix = {arXiv},
  eprint    = {1802.00303},
  timestamp = {Thu, 01 Mar 2018 15:00:45 +0100},
  biburl    = {https://dblp.org/rec/bib/journals/corr/abs-1802-00303},
  bibsource = {dblp computer science bibliography, https://dblp.org}
}

@article{cockburnandjay2004,
    author = {Cockburn, Bernardo and Gopalakrishnan, Jayadeep},
    title = {A Characterization of Hybridized Mixed Methods for Second Order Elliptic Problems},
    journal = {SIAM Journal on Numerical Analysis},
    volume = {42},
    number = {1},
    pages = {283--301},
    year = {2004},
    publisher = {SIAM}
}

@article{JSFI17,
    author = {Oliver Fuhrer and Carlos Osuna and Xavier Lapillonne and Tobias Gysi and 
              Ben Cumming and Mauro Bianco and Andrea Arteaga and Thomas Schulthess},
    title = {Towards a Performance Portable, Architecture Agnostic Implementation Strategy for Weather and Climate Models},
    journal = {Supercomp. Front. Innov.},
    volume = {1},
    number = {1},
    year = {2014},
    issn = {2313-8734},
    doi = {10.14529/jsfi140103},
    url = {http://superfri.org/superfri/article/view/17}
}

@misc{ENIACDocs,
  title = {{ENIAC} Project Website},
  howpublished = {\url{https://www.pasc-ch.org/projects/2017-2020/eniac-enabling-the-icon-model-on-heterogeneous-architectures/}},
  note = {Accessed 30 July 2018}
}

@misc{E3SMDocs,
  title = {{E3SM} Project Website},
  howpublished = {\url{https://climatemodeling.science.energy.gov/projects/energy-exascale-earth-system-model}},
  note = {Accessed 30 July 2018}
}

@misc{KokkosGitHub,
  title = {{Kokkos GitHub} Repository},
  howpublished = {\url{https://github.com/kokkos/kokkos}},
  note = {Accessed 30 July 2018}
}

@article{DECONINCK2017188,
  author = {Willem Deconinck and Peter Bauer and Michail Diamantakis and Mats Hamrud and
            Christian K\"{u}hnlein and Pedro Maciel and Gianmarco Mengaldo and
            Tiago Quintino and Baudouin Raoult and Piotr K. Smolarkiewicz and Nils P. Wedi},
  title = {{Atlas : A} Library for Numerical Weather Prediction and Climate Modelling},
  journal = {Comput. Phy. Comm.},
  volume = {220},
  pages = {188 - 204},
  year = {2017},
  issn = {0010-4655},
  doi = {https://doi.org/10.1016/j.cpc.2017.07.006},
  url = {http://www.sciencedirect.com/science/article/pii/S0010465517302138},
  keywords = {Numerical weather prediction, Climate, Earth system, High performance computing,
              Meteorology, Flexible mesh data structure}
}

@article{gmd-9-3393-2016,
  author = {Leutwyler, D. and Fuhrer, O. and Lapillonne, X. and L\"{u}thi, D. and Sch\"{a}r, C.},
  title = {Towards {European}-Scale Convection-Resolving Climate Simulations with {GPUs}: a Study with {COSMO} 4.19},
  journal = {Geosci. Model Dev.},
  volume = {9},
  year = {2016},
  number = {9},
  pages = {3393--3412},
  url = {https://www.geosci-model-dev.net/9/3393/2016/},
  doi = {10.5194/gmd-9-3393-2016}
}

@techreport{ESCAPE2016,
  author = {G. Mengaldo},
  title = {Definition of Several Weather and Climate Dwarfs},
  year = {2016},
  institution = {ECMWF},
  type = {Technical Report, ESCAPE WP1/T1.1}
}
